<record><leader>00000cas a2200000 a 4500</leader><controlfield tag="001">12880017</controlfield><controlfield tag="008">851206d19051926ksuwr ne      0    0eng d</controlfield><datafield ind1=" " ind2=" " tag="010"><subfield code="a">sn 85066338 </subfield></datafield><datafield ind1=" " ind2=" " tag="040"><subfield code="a">KSH</subfield><subfield code="b">eng</subfield><subfield code="c">KSH</subfield><subfield code="d">NPT</subfield><subfield code="d">OCL</subfield><subfield code="d">OCLCQ</subfield></datafield><datafield ind1=" " ind2=" " tag="042"><subfield code="a">msc</subfield></datafield><datafield ind1="0" ind2="4" tag="245"><subfield code="a">The Republican-register.</subfield></datafield><datafield ind1=" " ind2=" " tag="260"><subfield code="a">Washington, Kan. :</subfield><subfield code="b">C.E. Ingalls,</subfield><subfield code="c">1905-1926.</subfield></datafield><datafield ind1=" " ind2=" " tag="300"><subfield code="a">22 v. :</subfield><subfield code="b">ill. ;</subfield><subfield code="c">55 cm.</subfield></datafield><datafield ind1=" " ind2=" " tag="310"><subfield code="a">Weekly</subfield></datafield><datafield ind1="0" ind2=" " tag="362"><subfield code="a">36th year, no. 42 (Mar. 3, 1905)-57th year, no. 46 (Feb. 26, 1926).</subfield></datafield><datafield ind1=" " ind2=" " tag="500"><subfield code="a">Publisher varies.</subfield></datafield><datafield ind1=" " ind2=" " tag="752"><subfield code="a">United States</subfield><subfield code="b">Kansas</subfield><subfield code="c">Washington</subfield><subfield code="d">Washington.</subfield></datafield><datafield ind1="0" ind2="4" tag="780"><subfield code="t">Washington republican (Washington, Kan. : 1896)</subfield><subfield code="w">(DLC)sn 85066329</subfield></datafield><datafield ind1="0" ind2="4" tag="780"><subfield code="t">Washington register (Washington, Kan. : 1902)</subfield><subfield code="w">(DLC)sn 85066341</subfield></datafield><datafield ind1="0" ind2="4" tag="780"><subfield code="t">Mahaska leader</subfield><subfield code="g">Aug. 29, 1919</subfield><subfield code="w">(DLC)sn 85066369</subfield></datafield><datafield ind1="0" ind2="7" tag="785"><subfield code="t">Washington palladium</subfield><subfield code="w">(DLC)sn 85066349</subfield></datafield><datafield ind1="0" ind2="7" tag="785"><subfield code="t">Washington County register (Washington, Kan. : 1926)</subfield><subfield code="w">(DLC)sn 85066339</subfield></datafield><datafield ind1="1" ind2=" " tag="029"><subfield code="a">AU@</subfield><subfield code="b">000022169113</subfield></datafield></record>